<?xml version="1.0" encoding="UTF-8"?><collection xmlns="http://www.loc.gov/MARC21/slim"><record><leader>00396nam--2200133-i-4500</leader><controlfield tag="001">000039695</controlfield><controlfield tag="002">20161230</controlfield><controlfield tag="005">20161230201042</controlfield><controlfield tag="008">060222s1000------------r-----000-0-eng-d</controlfield><datafield ind1=" " ind2=" " tag="080"><subfield code="a">621.382.3</subfield></datafield><datafield ind1=" " ind2=" " tag="100"><subfield code="a">Rost, R., Eernst, H.M</subfield></datafield><datafield ind1=" " ind2=" " tag="245"><subfield code="a">Kristalloden technik. zwite, vollig neuberbeitete auflage. mit 508 bildern</subfield></datafield><datafield ind1=" " ind2=" " tag="260"><subfield code="a">Berlin, Wilhelm Ernst &amp; Sohn, 1956, Xii + 439p.Cu Fig</subfield></datafield><datafield ind1=" " ind2=" " tag="852"><subfield code="a">11777</subfield></datafield></record></collection>